@inproceedings{Schulmanetal_IROS2013,
  title = {A Case Study of Trajectory Transfer Through Non-Rigid Registration for a Simplified Suturing Scenario},
  author = {John Schulman and Ankush Gupta and Sibi Venkatesan and Mallory Tayson-Frederick and Pieter Abbeel},
  booktitle = {Proceedings of the 26th IEEE/RSJ International Conference on Intelligent Robots and Systems (IROS)},
  year =  2013
}

@inproceedings{Schulmanetal_ISRR2013,
  title= {Generalization in Robotic Manipulation Through the Use of Non-Rigid Registration},
  author = {John Schulman and Jonathan Ho and Cameron Lee and Pieter Abbeel},
  booktitle = {Proceedings of the 16th International Symposium on Robotics Research (ISRR)},
  year = 2013
}

@article {tSNE2008,
	title = {Visualizing High-Dimensional Data Using t-SNE},
	journal = {Journal of Machine Learning Research},
	volume = {9},
	year = {2008},
	pages = {2579-2605},
	author = {Laurens van der Maaten and Geoffrey E. Hinton}
}

@inproceedings {BooksteinGreen,
	title = {Thin-plate spline for deformations with specified derivatives},
	author = {Fred L. Bookstein and William D. K. Green},
	booktitle = {Proc. SPIE 2035, Mathematical Methods in Medical Imaging II},
	volume = {2035},
	year = {1993},
}

@inproceedings{ChuiR00,
  author    = {Haili Chui and
               Anand Rangarajan},
  title     = {A New Algorithm for Non-Rigid Point Matching},
  booktitle = {CVPR},
  year      = {2000},
  pages     = {2044-2051},
  ee        = {http://doi.ieeecomputersociety.org/10.1109/CVPR.2000.854733},
  bibsource = {DBLP, http://dblp.uni-trier.de}
}

@article{schulman2013trajopt,
  title={Finding Locally Optimal, Collision-Free Trajectories with Sequential Convex Optimization},
  author={Schulman, John and Lee, Alex and Awwal, Ibrahim and Bradlow, Henry and Abbeel, Pieter},
  journal={Submitted. Draft at https://sites. google. com/site/rss2013trajopt},
  year={2013}
}

@book{ralph1978foundations,
  title={Foundations of Mechanics},
  author={Ralph Abraham and Jerrold E. Marsden},
  isbn={9780821844380},
  lccn={2008005206},
  series={AMS Chelsea publishing},
  url={http://books.google.com/books?id=4Y-ownk6ilsC},
  year={1978},
  publisher={AMS Chelsea Pub./American Mathematical Society}
}


@inproceedings{ratliff2009chomp,
  title={CHOMP: Gradient optimization techniques for efficient motion planning},
  author={Ratliff, Nathan and Zucker, Matt and Bagnell, J Andrew and Srinivasa, Siddhartha},
  booktitle={Robotics and Automation, 2009. ICRA'09. IEEE International Conference on},
  pages={489--494},
  year={2009},
  organization={IEEE}
}

@ARTICLE{GJK, 
author={Gilbert, E.G. and Johnson, D.W. and Keerthi, S.S.}, 
journal={Robotics and Automation, IEEE Journal of}, 
title={A fast procedure for computing the distance between complex objects in three-dimensional space}, 
year={1988}, 
volume={4}, 
number={2}, 
pages={193-203}, 
keywords={computational geometry;Euclidean distance;collision detection;computational cost;computational geometry;robotics;three-dimensional space;Algorithm design and analysis;Application software;Computational efficiency;Computer graphics;Euclidean distance;Iterative algorithms;Length measurement;Linear approximation;Mathematical model;Orbital robotics}, 
doi={10.1109/56.2083}, 
ISSN={0882-4967},}

@inproceedings{Dhillon2004,
 author = {Dhillon, Inderjit S. and Guan, Yuqiang and Kulis, Brian},
 title = {Kernel K-means: Spectral Clustering and Normalized Cuts},
 booktitle = {Proceedings of the Tenth ACM SIGKDD International Conference on Knowledge Discovery and Data Mining},
 series = {KDD '04},
 year = {2004},
 isbn = {1-58113-888-1},
 location = {Seattle, WA, USA},
 pages = {551--556},
 numpages = {6},
 url = {http://doi.acm.org/10.1145/1014052.1014118},
 doi = {10.1145/1014052.1014118},
 acmid = {1014118},
 publisher = {ACM},
 address = {New York, NY, USA},
 keywords = {graph partitioning, kernel k-means, spectral clustering},
}


@book{Wahba1990,
	author = {Grace Wahba},
	publisher = {Society for Industrial and Applied Mathematics},
	title = {Spline Models for Observational Data},
 	year = {1990},
}

@incollection{Duchon1977,
  year={1977},
  isbn={978-3-540-08069-5},
  booktitle={Constructive Theory of Functions of Several Variables},
  volume={571},
  series={Lecture Notes in Mathematics},
  editor={Schempp, Walter and Zeller, Karl},
  doi={10.1007/BFb0086566},
  title={Splines minimizing rotation-invariant semi-norms in Sobolev spaces},
  url={http://dx.doi.org/10.1007/BFb0086566},
  publisher={Springer Berlin Heidelberg},
  author={Duchon, Jean},
  pages={85-100},
  language={English}
}

